<?xml version="1.0" encoding="UTF-8"?><record xmlns="http://www.loc.gov/MARC21/slim" xmlns:cinclude="http://apache.org/cocoon/include/1.0" xmlns:zs="http://www.loc.gov/zing/srw/">
  <leader>00407cz  a2200121n  4500</leader>
  <controlfield tag="001">n 2001103834</controlfield>
  <controlfield tag="003">DLC</controlfield>
  <controlfield tag="005">20010712134204.0</controlfield>
  <controlfield tag="008">010712n| acannaabn          |n aaa      </controlfield>
  <datafield tag="010" ind1=" " ind2=" ">
    <subfield code="a">n 2001103834</subfield>
  </datafield>
  <datafield tag="040" ind1=" " ind2=" ">
    <subfield code="a">DLC</subfield>
    <subfield code="b">eng</subfield>
    <subfield code="c">DLC</subfield>
  </datafield>
  <datafield tag="100" ind1="1" ind2=" ">
    <subfield code="a">Wolfe, Brenda</subfield>
  </datafield>
  <datafield tag="670" ind1=" " ind2=" ">
    <subfield code="a">Tessner, John. Minnesota legal research guide, 2001:</subfield>
    <subfield code="b">CIP t.p. (Brenda Wolfe, dir. of the Ind. Rel. Ctr. Ref. Rm., Carlson Sch. of Mgt., Univ. of Minn.)</subfield>
  </datafield>
</record>